@misc{nakamoto2008bitcoin,
  title={Bitcoin: A peer-to-peer electronic cash system},
  author={Nakamoto, Satoshi},
  howpublished={\url{https://bitcoin.org/bitcoin.pdf}},
  year={2008}
}